<record><leader>00000cas a2200000 a 4500</leader><controlfield tag="001">45818933</controlfield><controlfield tag="008">010130c19uu9999cauwr ne      0    0eng c</controlfield><datafield ind1=" " ind2=" " tag="010"><subfield code="a">sn 00060690 </subfield></datafield><datafield ind1=" " ind2=" " tag="040"><subfield code="a">CNK</subfield><subfield code="b">eng</subfield><subfield code="c">CNK</subfield><subfield code="d">OCLCQ</subfield><subfield code="d">OCLCF</subfield><subfield code="d">OCLCO</subfield></datafield><datafield ind1="1" ind2=" " tag="029"><subfield code="a">AU@</subfield><subfield code="b">000022255767</subfield></datafield><datafield ind1=" " ind2=" " tag="042"><subfield code="a">pcc</subfield></datafield><datafield ind1=" " ind2=" " tag="043"><subfield code="a">n-us-ca</subfield></datafield><datafield ind1="0" ind2="0" tag="245"><subfield code="a">Eagle &amp; times.</subfield></datafield><datafield ind1="3" ind2=" " tag="246"><subfield code="a">Eagle and times</subfield></datafield><datafield ind1="1" ind2="3" tag="246"><subfield code="a">Weekly Imperial Beach &amp; south county eagle &amp; times</subfield></datafield><datafield ind1=" " ind2=" " tag="260"><subfield code="a">Imperial Beach, CA :</subfield><subfield code="b">Dean Eckenroth</subfield></datafield><datafield ind1=" " ind2=" " tag="300"><subfield code="a">v.</subfield></datafield><datafield ind1=" " ind2=" " tag="310"><subfield code="a">Weekly</subfield></datafield><datafield ind1=" " ind2=" " tag="588"><subfield code="a">Description based on: Vol. 16, no. 44 (Nov. 3, 2000).</subfield></datafield><datafield ind1=" " ind2="0" tag="651"><subfield code="a">Imperial Beach (Calif.)</subfield><subfield code="v">Newspapers.</subfield></datafield><datafield ind1=" " ind2="7" tag="655"><subfield code="a">Newspapers.</subfield><subfield code="2">fast</subfield><subfield code="0">(OCoLC)fst01423814</subfield></datafield><datafield ind1=" " ind2="7" tag="651"><subfield code="a">California</subfield><subfield code="z">Imperial Beach.</subfield><subfield code="2">fast</subfield><subfield code="0">(OCoLC)fst01218710</subfield></datafield><datafield ind1=" " ind2=" " tag="752"><subfield code="a">United States</subfield><subfield code="b">California</subfield><subfield code="c">San Diego</subfield><subfield code="d">Imperial Beach.</subfield></datafield></record>